@book{ogata2010modern,
  title={Modern Control Engineering},
  author={Ogata, Katsuhiko},
  year={2010},
  publisher={Prentice Hall}
}

@book{dorf2011modern,
  title={Modern Control Systems},
  author={Dorf, Richard C. and Bishop, Robert H.},
  year={2011},
  publisher={Prentice Hall}
}

@book{nise2015control,
  title={Control Systems Engineering},
  author={Nise, Norman S.},
  year={2015},
  publisher={John Wiley \& Sons}
}

@inproceedings{aastrom2001feedback,
  title={Feedback Systems: An Introduction for Scientists and Engineers},
  author={{\AA}str{\"o}m, Karl Johan and Murray, Richard M.},
  booktitle={Annual Reviews in Control},
  year={2001}
}